<?xml version="1.0" encoding="UTF-8"?><record xmlns="http://www.loc.gov/MARC21/slim" xmlns:cinclude="http://apache.org/cocoon/include/1.0" xmlns:zs="http://www.loc.gov/zing/srw/">
  <leader>00686nz  a2200157n  4500</leader>
  <controlfield tag="001">no2009014322</controlfield>
  <controlfield tag="003">DLC</controlfield>
  <controlfield tag="005">20090201082921.0</controlfield>
  <controlfield tag="008">090130n| acannaabn          |a aaa     c</controlfield>
  <datafield tag="010" ind1=" " ind2=" ">
    <subfield code="a">no2009014322</subfield>
  </datafield>
  <datafield tag="035" ind1=" " ind2=" ">
    <subfield code="a">(OCoLC)oca08000825</subfield>
  </datafield>
  <datafield tag="040" ind1=" " ind2=" ">
    <subfield code="a">MXMxUNAM</subfield>
    <subfield code="b">eng</subfield>
    <subfield code="c">MXMxUNAM</subfield>
  </datafield>
  <datafield tag="100" ind1="1" ind2=" ">
    <subfield code="a">García Calderón, Gastón</subfield>
  </datafield>
  <datafield tag="400" ind1="1" ind2=" ">
    <subfield code="a">Calderón, Gastón García</subfield>
  </datafield>
  <datafield tag="670" ind1=" " ind2=" ">
    <subfield code="a">Apuntes del curso de mecánica cuántica de Marcos Moshinsky, 2008:</subfield>
    <subfield code="b">t.p. (Gastón García Calderón)</subfield>
  </datafield>
  <datafield tag="670" ind1=" " ind2=" ">
    <subfield code="a">Instituto de Física, UNAM, January 26, 2009:</subfield>
    <subfield code="b">staff (Gastón García Calderón. Department of Complex Systems)</subfield>
    <subfield code="u">http://scifunam.fisica.unam.mx/index.php?option=com_investigadores&amp;idInvestigador=71</subfield>
  </datafield>
</record>